<collection xmlns="http://www.loc.gov/MARC21/slim">
<record>
  <leader>01070nam0a22001931i 450 </leader>
  <controlfield tag="001">IT\ICCU\CNCE\026393</controlfield>
  <controlfield tag="005">20150317000000.0</controlfield>
  <datafield tag="012" ind1=" " ind2=" ">
    <subfield code="a">i.ri e.e, e,e, e,e, (C) 1571 (Q)</subfield>
    <subfield code="2">fei</subfield>
  </datafield>
  <datafield tag="100" ind1=" " ind2=" ">
    <subfield code="a">19971015f1571        0itac0103    ba</subfield>
  </datafield>
  <datafield tag="101" ind1=" " ind2=" ">
    <subfield code="a">ITA</subfield>
  </datafield>
  <datafield tag="102" ind1=" " ind2=" ">
    <subfield code="a">IT</subfield>
  </datafield>
  <datafield tag="200" ind1="1" ind2=" ">
    <subfield code="a">Guazzabuglio piaceuole, doue si contiene le donne, i caualier, l&apos;arme, e gl&apos;amori. Et altre stanze de l&apos;Ariosto artifitiosamente tramutate, &amp; ne l&apos;odorato, e luci d&apos;oriente. Aggiuntoui vn bellissimo bando d&apos;amore, molte villanelle, napolitane, e siciliane, et la canzonetta della parsonarella, con vn bello enigma da indouinare, et la dichiaratione di come, e quante deuon essere le bellezze d&apos;vna donna. Tutte cose onestissime, &amp; esemplari</subfield>
  </datafield>
  <datafield tag="210" ind1=" " ind2=" ">
    <subfield code="a">Stampata in Siena</subfield>
    <subfield code="c">alla Loggia del Papa</subfield>
    <subfield code="d">\non prima del 1571!</subfield>
  </datafield>
  <datafield tag="215" ind1=" " ind2=" ">
    <subfield code="a">\8! c.</subfield>
    <subfield code="d">8ʻ</subfield>
  </datafield>
  <datafield tag="300" ind1=" " ind2=" ">
    <subfield code="a">La data presunta si ricava dall&apos;attivit ̉del tipografo</subfield>
  </datafield>
  <datafield tag="620" ind1=" " ind2=" ">
    <subfield code="a">IT</subfield>
    <subfield code="d">Siena</subfield>
  </datafield>
  <datafield tag="712" ind1="0" ind2="2">
    <subfield code="a">℗alla ℗Loggia del papa</subfield>
    <subfield code="3">IT\ICCU\CNCT\001698</subfield>
    <subfield code="4">650</subfield>
  </datafield>
  <datafield tag="801" ind1=" " ind2="3">
    <subfield code="a">IT</subfield>
    <subfield code="b">ICCU</subfield>
    <subfield code="c">20201114</subfield>
  </datafield>
  <datafield tag="899" ind1=" " ind2=" ">
    <subfield code="a">Biblioteca universitaria Alessandrina. Roma</subfield>
    <subfield code="1">RM0280</subfield>
    <subfield code="2">RML 01</subfield>
  </datafield>
</record>
</collection>
